@conference{kearns1987learnability,
    title={{On the learnability of Boolean formulae}},
    author={Kearns, M. and Li, M. and Pitt, L. and Valiant, L.},
    booktitle={Proceedings of the nineteenth annual ACM symposium on Theory of computing},
    pages={285--295},
    year={1987},
    organization={ACM}
}

@article{kearns1988thoughts,
    title={{Thoughts on hypothesis boosting}},
    author={Kearns, M.},
    journal={Unpublished manuscript, December},
    year={1988}
}

@conference{kearns1989crytographic,
    title={{Crytographic limitations on learning Boolean formulae and finite automata}},
    author={Kearns, M. and Valiant, LG},
    booktitle={Proceedings of the twenty-first annual ACM symposium on Theory of computing},
    pages={433--444},
    year={1989},
    organization={ACM}
}

@book{kearns1990computational,
    title={{The computational complexity of machine learning}},
    author={Kearns, M.J.},
    year={1990}
}

@article{schapire1990strength,
    title={{The strength of weak learnability}},
    author={Schapire, R.E.},
    journal={Machine learning},
    volume={5},
    number={2},
    pages={197--227},
    year={1990},
    publisher={Springer}
}

@conference{freund1995desicion,
    title={{A desicion-theoretic generalization of on-line learning and an application to boosting}},
    author={Freund, Y. and Schapire, R.},
    booktitle={Computational learning theory},
    pages={23--37},
    year={1995},
    organization={Springer}
}

@conference{freund1998efficient,
    title={{An Efficient Boosting Algorithm for Combining Preferences}},
    author={Freund, Y. and Iyer, R.D. and Schapire, R.E. and Singer, Y.},
    booktitle={Proceedings of the Fifteenth International Conference on Machine Learning},
    pages={170--178},
    year={1998},
    organization={Morgan Kaufmann Publishers Inc.}
}

